<?xml version="1.0" encoding="UTF-8"?><collection xmlns="http://www.loc.gov/MARC21/slim"><record><leader>00346nam--2200133-i-4500</leader><controlfield tag="001">000039376</controlfield><controlfield tag="002">20161230</controlfield><controlfield tag="005">20161230201042</controlfield><controlfield tag="008">060222s1000------------r-----000-0-eng-d</controlfield><datafield ind1=" " ind2=" " tag="080"><subfield code="a">621.382.3</subfield></datafield><datafield ind1=" " ind2=" " tag="245"><subfield code="a">Rca transistor manual</subfield></datafield><datafield ind1=" " ind2=" " tag="260"><subfield code="a">Harrison, N.J. Radio Corporation Of America. 1966, 480p</subfield></datafield><datafield ind1=" " ind2=" " tag="490"><subfield code="a">Technical Series Sc-12</subfield></datafield><datafield ind1=" " ind2=" " tag="852"><subfield code="a">27683</subfield></datafield></record></collection>